@inproceedings{Dastani/vdTorre:04a,
  author    = {Mehdi Dastani and
               Leendert W. N. van der Torre},
  title     = {Programming BOID-Plan Agents: Deliberating about Conflicts among Defeasible
               Mental Attitudes and Plans},
  booktitle = {3rd International Joint Conference on Autonomous Agents and Multiagent
               Systems {(AAMAS} 2004), 19-23 August 2004, New York, NY, {USA}},
  pages     = {706--713},
  publisher = {{IEEE} Computer Society},
  year      = {2004},
}



@inproceedings{Wang//:12a,
  author    = {Xiaogang Wang and
               Jian Cao and
               Jie Wang},
  title     = {A Runtime Goal Conflict Resolution Model for Agent Systems},
  booktitle = {2012 {IEEE/WIC/ACM} International Conferences on Intelligent Agent
               Technology, {IAT} 2012},
  pages     = {340--347},
  publisher = {{IEEE} Computer Society},
  year      = {2012},
}





@InProceedings{conf/kr/rao91,
  author    = 	 {Anand S. Rao and Michael P. Georgeff},
  title     = 	 {Modeling Rational Agents within a {BDI}-Architecture},
  booktitle =    {Proceedings of the 2nd International Conference on Principles of Knowledge Representation and Reasoning (KR'91)},
  pages     = 	 {473-484},
  year      = 	 {1991},
  editor    = 	 {James F. Allen and Richard Fikes and Erik Sandewall},
  address   = 	 {Cambridge, MA, USA},
  month     = 	 {April},
  publisher =    {Morgan Kaufmann}
}

@InProceedings{rao//:92a,
  author    = 	 {Anand S. Rao and Michael P. Georgeff},
  title     = 	 {An Abstract Architecture for Rational Agents},
  booktitle =    {3rd International Conference on Principles of Knowledge Representation and Reasoning},
  pages     = 	 {439-449},
  year      = 	 {1992},
  publisher =    {Morgan Kaufmann}
}

@InProceedings{Thangarajah//:03a,
  author    = 	 {John Thangarajah and Lin Padgham and Michael Winikoff},
  title     = 	 {Detecting {\&} Avoiding Interference Between Goals in Intelligent Agents},
  booktitle =    {Proceedings of the Eighteenth International Joint Conference on Artificial Intelligence ({IJCAI}-03)},
  pages     = 	 {721-726},
  year      = 	 {2003},
  editor    = 	 {Georg Gottlob and Toby Walsh},
  address   = 	 {Acapulco, Mexico},
  month     = 	 {August},
  publisher =    {Morgan Kaufmann}
}

@Article{Thangarajah//:11a,
  author    = 	 {John Thangarajah and Lin Padgham},
  title     = 	 {Computationally Effective Reasoning About Goal Interactions},
  journal   = 	 {Journal of Automated Reasoning},
  volume    =    {47},
  number    =    {1},
  year      =    {2011},
  pages     =    {17-56}
}

@InProceedings{conf/agents/barber99,
  author    = 	 {K. Suzanne Barber and Tse-Hsin Liu and Anuj Goel and Cheryl E. Martin},
  title     = 	 {Conflict Representation and Classification in a Domain-Independent Conflict Management Framework},
  booktitle =    {Third Annual Conference on Autonomous Agents},
  year      = 	 {1999},
  address   = 	 {Seattle, WA, USA},
  publisher =    {ACM Press},
}

@InProceedings{conf/icmas/clement00,
  author    = 	 {Bradley J. Clement and Edmund H. Durfee},
  title     = 	 {Performance of Coordinating Concurrent Hierarchical Planning Agents Using Summary Information},
  booktitle =    {4th International Conference on Multi-Agent Systems},
  pages     = 	 {373-374},
  year      = 	 {2000},
  address   = 	 {Boston, MA, USA},
  month     = 	 {July},
  publisher =    {IEEE Computer Society}
}


@InProceedings{conf/aaai/iaai/clement99,
  author    = 	 {Bradley J. Clement and Edmund H. Durfee},
  title     = 	 {Theory for Coordinating Concurrent Hierarchical Planning Agents Using Summary Information},
  booktitle =    {Proceedings of the Sixteenth National Conference on Artificial Intelligence and 
                  Eleventh Conference on Innovative Applications of Artificial Intelligence},
  pages     = 	 {495-502},
  year      = 	 {1999},
  editor    = 	 {Jim Hendler and Devika Subramanian},
  address   = 	 {Orlando, Florida, USA},
  month     = 	 {July},
  publisher =    {AAAI Press / The MIT Press}
}

@Article{journal/jair/clement07,
  author    = 	 {Bradley J. Clement and Edmund H. Durfee and Anthony C. Barrett},
  title     = 	 {Abstract Reasoning for Planning and Coordination},
  journal   = 	 {J. Artif. Intell. Res. (JAIR)},
  year      = 	 {2007},
  volume    = 	 {28},
  pages     = 	 {453-515}
}

@InProceedings{conf/aamas/sardina06,
  author    = 	 {Sebastian Sardi{\~n}a and Lavindra de Silva and Lin Padgham},
  title     = 	 {Hierarchical planning in {BDI} agent programming languages: a formal approach},
  booktitle =    {Proceedings of the 5th International Joint Conference on Autonomous Agents and Multiagent Systems ({AAMAS} 2006)},
  pages     = 	 {1001--1008},
  year      = 	 {2006},
  editor    = 	 {Hideyuki Nakashima and Michael P. Wellman and Gerhard Weiss and Peter Stone},
  address   = 	 {Hakodate, Japan},
  month     = 	 {May},
  publisher =    {ACM}
}

@InProceedings{workshop/dalt/patricia07,
  author    = 	 {Patricia H. Shaw and Rafael H. Bordini},
  title     = 	 {Towards Alternative Approaches to Reasoning About Goals},
  booktitle =    {Declarative Agent Languages and Technologies V, 5th International Workshop},
  pages     = 	 {104-121},
  year      = 	 {2007},
  editor    = 	 {Matteo Baldoni and Tran Cao Son and M. Birna van Riemsdijk and Michael Winikoff},
  volume    = 	 {4897},
  address   = 	 {Honolulu, HI, USA},
  month     = 	 {May},
  publisher =    {Springer}
}

@InProceedings{conf/ecai/patricia10,
  author    = 	 {Patricia H. Shaw and Rafael H. Bordini},
  title     =  	 {An Alternative Approach for Reasoning about the Goal-Plan Tree Problem},
  booktitle =    {Proceedings of the 19th European Conference on Artificial Intelligence ({ECAI} 2010)},
  pages     = 	 {1035-1036},
  year      = 	 {2010},
  editor    = 	 {Helder Coelho and Rudi Studer and Michael Wooldridge},
  volume    = 	 {215},
  address   =  	 {Lisbon, Portugal},
  month     = 	 {August},
  publisher =    {IOS Press}
}

@InProceedings{conf/cg/coulom06,
  author    = 	 {R{\'e}mi Coulom},
  title     = 	 {Efficient Selectivity and Backup Operators in {M}onte-{C}arlo {T}ree {S}earch},
  booktitle =    {Computers and Games, 5th International Conference},
  pages     = 	 {72-83},
  year      = 	 {2006},
  editor    = 	 {H. Jaap van den Herik and Paolo Ciancarini and H. H. L. M. Donkers},
  address   = 	 {Turin, Italy},
  month     = 	 {May},
  publisher =    {Springer}
}

@InProceedings{conf/ieee/chang09,
  author    = 	 {Chang-Shing Lee and Mei-Hui Wang and Tzung-Pei Hong and Guillaume Chaslot and Jean-Baptiste Hoock and Arpad Rimmel and Olivier Teytaud and Yau-Hwang Kuo},
  title     = 	 {A novel ontology for computer {G}o knowledge management},
  booktitle =    {FUZZ-IEEE 2009, IEEE International Conference on Fuzzy Systems},
  pages     = 	 {1056-1061},
  year      = 	 {2009},
  address   = 	 {Jeju Island, Korea},
  month     = 	 {August},
  publisher =    {IEEE}
}

@InProceedings{conf/faic/tapani08,
  author    = 	 {Tapani Raiko and Jaakko Peltonen},
  title     = 	 {Application of {UCT} search to the connection games of {H}ex, {Y}, {*S}tar, and {R}enkula!},
  booktitle =    {Finnish Artificial Intelligence Conference (SteP 2008)},
  pages     =    {89-93},
  year      = 	 {2008},
  address   = 	 {Espoo, Finland},
  month     = 	 {August}
}

@InProceedings{workshop/cg/kloetzer07,
  author    = 	 {Julien Kloetzer and Hiroyuki Iida and Bruno Bouzy},
  title     = 	 {The {M}onte-{C}arlo Approach in {A}mazons},
  booktitle =    {Computer Games Workshop},
  pages     = 	 {113-124},
  year      = 	 {2007},
  address   = 	 {Amsterdam, Netherlands}
}

@InProceedings{conf/aiide/chaslot08,
  author    = 	 {Guillaume Chaslot and Sander Bakkes and Istvan Szita and Pieter Spronck},
  title     = 	 {Monte-{C}arlo Tree Search: A New Framework for Game {AI}},
  booktitle =    {Proceedings of the Fourth Artificial Intelligence and Interactive Digital Entertainment Conference},
  year      = 	 {2008},
  editor    = 	 {Christian Darken and Michael Mateas},
  address   = 	 {Stanford, California, USA},
  month     = 	 {October},
  publisher =    {The AAAI Press}
}

@Article{journal/kbs/schadd12,
  author    = 	 {Maarten P. D. Schadd and Mark H. M. Winands and Mandy J. W. Tak and Jos W. H. M. Uiterwijk},
  title     = 	 {Single-player {M}onte-{C}arlo tree search for {SameGame}},
  journal   = 	 {Knowl.-Based Syst.},
  year      = 	 {2012},
  volume    = 	 {34},
  pages     = 	 {3-11}
}

@InProceedings{conf/ieee/matsumoto10,
  author    = 	 {Shimpei Matsumoto and Noriaki Hirosue and Kyohei Itonaga and Nobuyuki Ueno and Hiroaki Ishii},
  title     = 	 {Monte-{C}arlo Tree Search for a reentrant scheduling problem},
  booktitle =    {40th International Conference on Computers and Industrial Engineering (CIE)},
  pages     = 	 {1-6},
  year      = 	 {2010},
  address   = 	 {Awaji},
  publisher =    {IEEE}
}

@Article{journal/ieee/browne12,
  author    = 	 {Cameron Browne and Edward J. Powley and Daniel Whitehouse and Simon M. Lucas and Peter I. Cowling and Philipp Rohlfshagen and Stephen Tavener and Diego Perez and
                  Spyridon Samothrakis and Simon Colton},
  title     = 	 {A Survey of {M}onte {C}arlo Tree Search Methods},
  journal   = 	 {IEEE Trans. Comput. Intellig. and AI in Games},
  year      = 	 {2012},
  volume    = 	 {4},
  number    = 	 {1},
  pages     = 	 {1-43},
  month     = 	 {March}
}

@InProceedings{conf/ecmi/kocsis06,
  author    = 	 {Levente Kocsis and Csaba Szepesv{\'a}ri},
  title     = 	 {Bandit Based {M}onte-{C}arlo Planning},
  booktitle =    {17th European Conference on Machine Learning},
  pages     =  	 {282-293},
  year      = 	 {2006},
  volumn    =    {4212},
  editor    = 	 {Johannes F{\"u}rnkranz and Tobias Scheffer and Myra Spiliopoulou},
  address   = 	 {Berlin, Germany},
  month     = 	 {September},
  publisher =    {Springer}
}

@Article{journal/ml/auer02,
  author    = 	 {Peter Auer and Nicol{\`o} Cesa-Bianchi and Paul Fischer},
  title     = 	 {Finite-time Analysis of the Multiarmed Bandit Problem},
  journal   = 	 {Machine Learning},
  year      = 	 {2002},
  volume    = 	 {47},
  number    = 	 {2-3},
  pages     = 	 {235-256}
}

@ARTICLE{Decker1993Quant,
  author = {K. S. Decker and V. R. Lesser},
  title = {Quantitative modeling of complex environments},
  journal = {International Journal of Intelligent Systems in Accounting, Finance
	and Management},
  year = {1993},
  volume = {2},
  pages = {215--234},
  owner = {kxv},
  timestamp = {2008.11.05}
}

@ARTICLE{Wagner1998Criteria,
  author = {T. Wagner and A. Garvey and V. Lesser},
  title = {Criteria-Directed Heuristic Task Scheduling},
  journal = {International Journal of Approximate Reasoning},
  year = {1998},
  volume = {19},
  pages = {91-118},
}

@inproceedings{Vincent//:01a,
  author =	 {R\'{e}gis Vincent and Bryan Horling and Victor
                  Lesser and Thomas Wagner},
  title =	 {Implementing Soft Real-Time Agent Control},
  booktitle =	 {Proceedings of the Fifth International Conference on
                  Autonomous Agents ({AGENTS'01})},
  year =	 2001,
  pages =	 {355--362},
  location =	 {Montreal, Quebec, Canada},
  publisher =	 {ACM Press},
  address =	 {New York, NY, USA},
  isbn =	 {1-58113-326-X},
  doi =		 {http://doi.acm.org/10.1145/375735.376329},
}

@InProceedings{Bordini//:02a,
  author =	 {Rafael Bordini and Ana L. C. Bazzan and Jannone, Rafael de
                  O. and Daniel M. Basso and Rosa M. Vicari and
                  Victor R. Lesser},
  title =	 {{AgentSpeak(XL):} {E}fficient Intention Selection in
                  {BDI} Agents via Decision-Theoretic Task Scheduling},
  booktitle =	 {Proceedings of the First International Conference on
                  Autonomous Agents and Multiagent Systems ({AAMAS}'02)},
  year =	 2002,
  pages =	 {1294--1302},
}

@InProceedings{conf/aamas/thangarajah03,
  author    = 	 {John Thangarajah and Lin Padgham and Michael Winikoff},
  title     = 	 {Detecting {\&} exploiting positive goal interaction inintelligent agents},
  booktitle =    {The Second International Joint Conference on Autonomous Agents {\&} Multiagent Systems, AAMAS 2003},
  pages     = 	 {401-408},
  year      = 	 {2003},
  address   = 	 {Melbourne, Victoria, Australia},
  month     = 	 {July},
  publisher =    {ACM}
}

@InProceedings{conf/ecai/thangarajah02,
  author    = 	 {John Thangarajah and Michael Winikoff and Lin Padgham and Klaus Fischer},
  title     = 	 {Avoiding Resource Conflicts in Intelligent Agents},
  booktitle =    {Proceedings of the 15th Eureopean Conference on Artificial Intelligence},
  pages     = 	 {18-22},
  year      = 	 {2002},
  address   = 	 {Lyon, France},
  month     = 	 {July},
  publisher =    {IOS Press}
}

@inproceedings{Waters//:14a,
  author =	 {Waters, Max and Padgham, Lin and Sardina, Sebastian},
  title =	 {Evaluating Coverage Based Intention Selection},
  booktitle =	 {Proceedings of the 13th International Conference on
                  Autonomous Agents and Multi-agent Systems ({AAMAS}
                  2014)},
  editor =	 {Alessio Lomuscio and Paul Scerri and Ana Bazzan and
                  Michael Huhns},
  year =	 2014,
  isbn =	 {978-1-4503-2738-1},
  location =	 {Paris, France},
  pages =	 {957--964},
  url =		 {http://dl.acm.org/citation.cfm?id=2617388.2617398},
  publisher =	 {{IFAAMAS}},
} 

@article{Waters//:15a,
  author =	 {Max Waters and Lin Padgham and Sebastian
                  Sardi{\~{n}}a},
  title =	 {Improving domain-independent intention selection in
                  {BDI} systems},
  journal =	 {Autonomous Agents and Multi-Agent Systems},
  volume =	 29,
  number =	 4,
  pages =	 {683--717},
  year =	 2015,
  url =		 {http://dx.doi.org/10.1007/s10458-015-9293-5},
  doi =		 {10.1007/s10458-015-9293-5},
}

@InProceedings{Yao//:14a,
  author =	 "Yuan Yao and Brian Logan and John Thangarajah",
  title =	 "{SP-MCTS}-based Intention Scheduling for {BDI}
                  Agents",
  booktitle =	 "Proceedings of the 21st European Conference on
                  Artificial Intelligence",
  year =	 2014,
  address =	 "Prague, Czech Republic",
  month =	 "August",
  organization = "ECCAI",
  publisher =	 "IOS Press",
}

@inproceedings{Thangarajah//:12a,
  author =	 {John Thangarajah and Sebastian Sardina and Lin
                  Padgham},
  title =	 {Measuring plan coverage and overlap for agent
                  reasoning},
  booktitle =	 {Proceedings of the 11th International Conference on
                  Autonomous Agents and Multiagent Systems ({AAMAS}
                  2012)},
  editor =	 {Wiebe van der Hoek and Lin Padgham and Vincent
                  Conitzer and Michael Winikoff},
  pages =	 {1049--1056},
  year =	 2012,
  month =	 {June},
  location =	 {Valencia, Spain},
  publisher =	 {{IFAAMAS}},
}


@String{AAAI-08 = {Proceedings of The AAAI Conference on Artificial Intelligence}}
@String{AAAI-08:addr = {Chicago, USA}}
@String{AAAI-08:date = jul}
@inproceedings{PadghamTW08,
  author    = {Lin Padgham and John Thangarajah and Michael Winikoff},
  title     = {Prometheus Design Tool},
  booktitle     = AAAI-08,
  year      = {2008},
  pages     = {1882-1883},
  address = AAAI-08:addr
}

@Book{Bordini//:07a,
  author =	 "Rafael H. Bordini and Jomi Fred H{\"u}bner and
                  Michael Wooldridge",
  title =	 "Programming multi-agent systems in {AgentSpeak}
                  using {Jason}",
  publisher =	 "Wiley",
  year =	 2007,
  series =	 "Wiley Series in Agent Technology"
}

@article{Dastani:08a,
  author    = {Mehdi Dastani},
  title     = {{2APL}: a practical agent programming language},
  journal   = {Autonomous Agents and Multi-Agent Systems},
  volume    = {16},
  number    = {3},
  year      = {2008},
  pages     = {214-248},
  ee        = {http://dx.doi.org/10.1007/s10458-008-9036-y}
}

@incollection{Dastani//:05a,
  author    = {Mehdi Dastani and
               van Riemsdijk, M. Birna and
               John-Jules Ch. Meyer},
  title     = {Programming Multi-Agent Systems in {3APL}},
  booktitle     = {Multi-Agent Programming: Languages, Platforms and Applications},
  editor    = {Rafael H. Bordini and
               Mehdi Dastani and
               J{\"u}rgen Dix and
               Amal El Fallah-Seghrouchni},
  year      = {2005},
  publisher = {Springer},
  series    = {Multiagent Systems, Artificial Societies, and Simulated
               Organizations},
  volume    = {15},
  pages     = {39-67},
  isbn      = {0-387-24568-5},
}

@InProceedings{Alechina//:08f,
  author =	 {Natasha Alechina and Mehdi Dastani and Brian Logan
                  and John-Jules Ch.\ Meyer},
  title =	 {Reasoning About Agent Deliberation},
  booktitle =	 {Proceedings of the Eleventh International Conference
                  on Principles of Knowledge Representation and
                  Reasoning ({KR}'08)},
  editor =	 {Gerhard Brewka and J\'{e}r\^{o}me Lang},
  year =	 2008,
  pages =	 {16--26},
  address =	 {Sydney, Australia},
  month =	 {September},
  publisher =	 {AAAI},
}

@InProceedings{Alechina//:13b,
  author =	 "Natasha Alechina and Tristan Behrens and Mehdi
                  Dastani and Koen Hindriks and Jomi Hubner and Brian
                  Logan and Hai Nguyen and van Zee, Marc",
  title =	 "Multi-Cycle Query Caching in Agent Programming",
  booktitle =	 "Proceedings of the Twenty-Seventh {AAAI} Conference
                  on Artificial Intelligence ({AAAI} 2013)",
  pages =	 "32--38",
  year =	 2013,
  editor =	 "desJardins, Marie and Michael Littman",
  volume =	 1,
  address =	 "Bellevue, Washington",
  month =	 "July",
  organization = "AAAI",
  publisher =	 "AAAI Press"
}


@incollection{jack,
  title={{JACK Intelligent Agents: An Industrial Strength Platform}},
  author={Winikoff, Michael},
  booktitle={Multi-Agent Programming},
  pages={175--193},
  year={2005},
  publisher={Springer}
}

@incollection{Pokahr//:05a,
  year =	 2005,
  isbn =	 {978-0-387-24568-3},
  booktitle =	 {Multi-Agent Programming},
  volume =	 15,
  series =	 {Multiagent Systems, Artificial Societies, and
                  Simulated Organizations},
  editor =	 {Bordini, RafaelH. and Dastani, Mehdi and Dix, Jürgen
                  and El Fallah Seghrouchni, Amal},
  doi =		 {10.1007/0-387-26350-0_6},
  title =	 {Jadex: A BDI Reasoning Engine},
  url =		 {http://dx.doi.org/10.1007/0-387-26350-0_6},
  publisher =	 {Springer US},
  author =	 {Pokahr, Alexander and Braubach, Lars and Lamersdorf,
                  Winfried},
  pages =	 {149-174},
}

@InProceedings{koehler//:00a,
  author = 	 {Jana Koehler and Kilian Schuster},
  title = 	 {{Elevator Control as a Planning Problem}},
  booktitle =    {Proceedings of the Fifth International Conference on Artificial Intelligence Planning Systems, Breckenridge, CO, USA, April 14-17, 2000},
  pages = 	 {331--338},
  year = 	 {2000},
  editor = 	 {Steve Chien and Subbarao Kambhampati and Craig A. Knoblock},
  address = 	 {Breckenridge, CO, USA},
  month = 	 {April},
  publisher =    {{AAAI}}
}


@InProceedings{lavindra//:04a,
  author = 	 {Lavindra de Silva and Lin Padgham},
  title = 	 {{A Comparison of BDI Based Real-Time Reasoning and HTN Based Planning}},
  booktitle =    {{AI} 2004: Advances in Artificial Intelligence, 17th Australian Joint Conference on Artificial Intelligence, Cairns, Australia, December 4-6, 2004, Proceedings},
  pages = 	 {1167--1173},
  year = 	 {2004},
  editor = 	 {Geoffrey I. Webb and Xinghuo Yu},
  volume = 	 {3339},
  address = 	 {Cairns, Australia},
  month = 	 {December},
  publisher =    {Springer}
}

@Article{felipe//:13a,
  author = 	 {Felipe Meneguzzi and Michael Luck},
  title = 	 {{Declarative planning in procedural agent architectures}},
  journal = 	 {{Expert Syst. Appl.}},
  year = 	 {2013},
  volume = 	 {40},
  number = 	 {16},
  pages = 	 {6508--6520}
}


@Article{wilkins//:95a,
  author = 	 {David E. Wilkins and Karen L. Myers and John D. Lowrance and Leonard P. Wesley},
  title = 	 {Planning and reacting in uncertain and dynamic environments},
  journal = 	 {J. Exp. Theor. Artif. Intell.},
  year = 	 {1995},
  volume = 	 {7},
  number = 	 {1},
  pages = 	 {121--152}
}


@InProceedings{ephrati//:93a,
  author = 	 {Eithan Ephrati and Jeffrey S. Rosenschein},
  title = 	 {A Framework for the Interleaving of Execution and Planning for Dynamic Tasks by Multiple Agents},
  booktitle =    {From Reaction to Cognition, 5th European Workshop on Modelling Autonomous Agents, {MAAMAW} '93, Neuchatel, Switzerland, August 25-27, 1993, Selected Papers},
  pages = 	 {139--153},
  year = 	 {1993},
  editor = 	 {Cristiano Castelfranchi and Jean{-}Pierre M{\"{u}}ller},
  address = 	 {Neuchatel, Switzerland},
  month = 	 {August},
  publisher =    {Springer}
}

@Article{Bratman//:88a,
  author =	 "M. E. Bratman and D. J. Israel and M. E. Pollack",
  title =	 "Plans and Resource-Bounded Practical Reasoning",
  journal =	 "Computational Intelligence",
  year =	 1988,
  volume =	 4,
  number =	 4,
  pages =	 "349--355"
}

@InProceedings{Rao/Georgeff:92a,
  author =	 {A. S. Rao and M. P. Georgeff},
  title =	 {An abstract architecture for rational agents},
  booktitle =	 {Proceedings of Knowledge Representation and Reasoning
                  {(KR\&R-92)}},
  pages =	 {439--449},
  year =	 1992,
  editor =	 {C. Rich and W. Swartout and B. Nebel}
}

@TechReport{Hindriks:14a,
  author =	 "Koen V. Hindriks",
  title =	 "{GOAL} Programming Guide: Programming Cognitive Agents
                  in {GOAL}",
  institution =	 "TU Delft",
  year =	 2014
}

@incollection {Hindriks:09a,
  author =	 {Hindriks, Koen V.},
  title =	 {Programming Rational Agents in {GOAL}},
  booktitle =	 {Multi-Agent Programming: Languages, Tools and Applications},
  editor =	 {El Fallah Seghrouchni, Amal and Dix, J\"urgen and
                  Dastani, Mehdi and Bordini, Rafael H.},
  publisher =	 {Springer US},
  isbn =	 {978-0-387-89299-3},
  keyword =	 {Computer Science},
  pages =	 {119-157},
  url =		 {http://dx.doi.org/10.1007/978-0-387-89299-3\_4},
  doi =	 {10.1007/978-0-387-89299-3\_4},
  year =	 2009
}

@inproceedings{Shaw//:08a,
  author =	 {Patricia H. Shaw and Berndt Farwer and Rafael H.
                  Bordini},
  title =	 {Theoretical and experimental results on the
                  goal-plan tree problem},
  pages =	 {1379--1382},
  editor    = {Lin Padgham and
               David C. Parkes and
               J{\"{o}}rg P. M{\"{u}}ller and
               Simon Parsons},
  booktitle     = {7th International Joint Conference on Autonomous Agents and Multiagent Systems {(AAMAS} 2008) Volume 3},
  publisher = {{IFAAMAS}},
  year      = {2008},
  isbn      = {978-0-9817381-2-3},
}

@Article{Valiant:79a,
  author =	 "Valiant, Leslie G.",
  title =	 "The Complexity of Computing the Permanent",
  journal =	 "Theoretical Computer Science",
  year =	 1979,
  volume =	 8,
  number =	 2,
  pages =	 "189--2001"
}

@InProceedings{Logan//:17a,
  author =	 "Brian Logan and John Thangarajah and Neil
                  Yorke-Smith",
  title =	 "Progressing Intention Progresson: A Call for a
                  Goal-Plan Tree Contest",
  booktitle =	 "Proceedings of the 16th International Conference on
                  Autonomous Agents and Multiagent Systems ({AAMAS}
                  2017),",
  year =	 2017,
  editor =	 "S. Das and E. Durfee and K. Larson and M. Winikoff",
  pages =	 "768--772",
  address =	 "Sao Paulo, Brazil",
  month =	 "May",
  organization = "IFAAMAS",
  publisher =	 "IFAAMAS",
}

@InProceedings{Yao//:16a,
  author =	 "Yuan Yao and Brian Logan and John Thangarajah",
  title =	 "Robust Execution of {BDI} Agent Programs by
                  Exploiting Synergies Between Intentions",
  booktitle =	 "30th {AAAI} Conference on
                  Artificial Intelligence",
  pages =        {2558--2565},
  year =	 2016,
  publisher =	 "AAAI Press",
}

@InProceedings{Yao/Logan:16a,
  author =	 "Yuan Yao and Brian Logan",
  title =	 "Action-Level Intention Selection for {BDI} Agents",
  booktitle =	 "15th International Conference on
                  Autonomous Agents and Multiagent Systems",
  pages =        {1227--1236},
  year =	 2016,
  publisher =	 "IFAAMAS"
}

@InProceedings{Yao//:16b,
  author =	 "Yuan Yao and de Silva, Lavindra and Brian Logan",
  title =	 "Reasoning about the Executability of Goal-Plan
                  Trees",
  booktitle =	 "Proceedings of the 4th International Workshop on
                  Engineering Multi-Agent Systems ({EMAS} 2016)",
  pages =	 "181--196",
  year =	 2016,
  editor =	 "Matteo Baldoni and Muller, Jorg P. and Ingrid Nunes
                  and Zalila-Wenkstern, Rym",
  address =	 "Singapore",
  month =	 "May"
}

@article{Winikoff/Cranefield:14a,
  author =	 {Michael Winikoff and Stephen Cranefield},
  title =	 {On the Testability of {BDI} Agent Systems},
  journal =	 {Journal of Artificial Intelligence Research},
  volume =	 51,
  pages =	 {71--131},
  year =	 2014,
  url =		 {https://doi.org/10.1613/jair.4458},
  doi =		 {10.1613/jair.4458},
}

@article{DBLP:journals/aamas/VisserTHD16,
  author =	 {Simeon Visser and John Thangarajah and James Harland
                  and Frank Dignum},
  title =	 {Preference-based reasoning in {BDI} agent systems},
  journal =	 {Autonomous Agents and Multi-Agent Systems},
  volume =	 30,
  number =	 2,
  pages =	 {291--330},
  year =	 2016
}

@inproceedings{Sephton//:14a,
  author    = {Nick Sephton and
               Peter I. Cowling and
               Edward Jack Powley and
               Nicholas H. Slaven},
  title     = {Heuristic move pruning in Monte Carlo Tree Search for the strategic card game Lords of War},
  booktitle = {2014 {IEEE} Conference on Computational Intelligence and Games, {CIG}},
  pages     = {1--7},
  year      = {2014},
}

@inproceedings{Dugueperoux//:16a,
  author    = {Joris Dugu{\'{e}}p{\'{e}}roux and
               Ahmad Mazyad and
               Fabien Teytaud and
               Julien Dehos},
  title     = {Pruning Playouts in Monte-Carlo Tree Search for the Game of Havannah},
  booktitle = {Computers and Games - 9th International Conference, {CG} 2016, Leiden},
  pages     = {47--57},
  editor    = {Aske Plaat and
               Walter A. Kosters and
               H. Jaap van den Herik},
  series    = {Lecture Notes in Computer Science},
  volume    = {10068},
  publisher = {Springer},
  year      = {2016},
  url       = {https://doi.org/10.1007/978-3-319-50935-8},
  isbn      = {978-3-319-50934-1},
}


@inproceedings{SilvaML20,
  author    = {Lavindra de Silva and
               Felipe Meneguzzi and
               Brian Logan},
  title     = {{BDI} Agent Architectures: {A} Survey},
  booktitle = {Proceedings of the Twenty-Ninth International Joint Conference on
               Artificial Intelligence, {IJCAI} 2020},
  pages     = {4914--4921},
  publisher = {ijcai.org},
  year      = {2020},
  doi       = {10.24963/ijcai.2020/684}
}

@article{PechoucekM08,
  author    = {Michal Pechoucek and
               Vladim{\'{\i}}r Mar{\'{\i}}k},
  title     = {Industrial deployment of multi-agent technologies: review and selected
               case studies},
  journal   = {{Auton. Agents Multi Agent Syst.}},
  volume    = {17},
  number    = {3},
  pages     = {397--431},
  year      = {2008},
  doi       = {10.1007/s10458-008-9050-0}
}

@Article{bratman//:84a,
  author    = 	 {Michael Bratman},
  title     = 	 {{Two Faces of Intention}},
  journal   = 	 {The Philosophical Review},
  year      = 	 {1984},
  volume    = 	 {93},
  pages     = 	 {375-405},
  month     = 	 {July}
}

@inproceedings{Huber99,
  author    = {Marcus J. Huber},
  title     = {{JAM:} {A} BDI-Theoretic Mobile Agent Architecture},
  booktitle = {Proceedings of the Third Annual Conference on Autonomous Agents, {AGENTS}
               1999, Seattle, WA, USA, May 1-5, 1999},
  pages     = {236--243},
  publisher = {{ACM}},
  year      = {1999},
  doi       = {10.1145/301136.301202}
}

@inproceedings{DuffHT06,
  author    = {Simon Duff and
               James Harland and
               John Thangarajah},
  title     = {On proactivity and maintenance goals},
  booktitle = {5th International Joint Conference on Autonomous Agents and Multiagent
               Systems {(AAMAS} 2006), Hakodate, Japan, May 8-12, 2006},
  pages     = {1033--1040},
  publisher = {{ACM}},
  year      = {2006},
  doi       = {10.1145/1160633.1160817}
}

@inproceedings{HindriksR07,
  author    = {Koen V. Hindriks and
               M. Birna van Riemsdijk},
  title     = {Satisfying Maintenance Goals},
  booktitle = {Declarative Agent Languages and Technologies V, 5th International
               Workshop, {DALT} 2007, Honolulu, HI, USA, May 14, 2007, Revised Selected
               and Invited Papers},
  series    = {Lecture Notes in Computer Science},
  volume    = {4897},
  pages     = {86--103},
  publisher = {Springer},
  year      = {2007},
  doi       = {10.1007/978-3-540-77564-5\_6}
}

@article{DuffTH14,
  author    = {Simon Duff and
               John Thangarajah and
               James Harland},
  title     = {Maintenance Goals in Intelligent Agents},
  journal   = {Comput. Intell.},
  volume    = {30},
  number    = {1},
  pages     = {71--114},
  year      = {2014},
  doi       = {10.1111/coin.12000}
}

@inproceedings{DastaniRW11,
  author    = {Mehdi Dastani and
               M. Birna van Riemsdijk and
               Michael Winikoff},
  title     = {Rich goal types in agent programming},
  booktitle = {10th International Conference on Autonomous Agents and Multiagent
               Systems {(AAMAS} 2011), Taipei, Taiwan, May 2-6, 2011, Volume 1-3},
  pages     = {405--412},
  publisher = {{IFAAMAS}},
  year      = {2011}
}


@inproceedings{ThangarajahHY15,
  author    = {John Thangarajah and
               James Harland and
               Neil Yorke{-}Smith},
  title     = {Estimating the Progress of Maintenance Goals},
  booktitle = {Proceedings of the 2015 International Conference on Autonomous Agents
               and Multiagent Systems, {AAMAS} 2015, Istanbul, Turkey, May 4-8, 2015},
  pages     = {1645--1646},
  publisher = {{ACM}},
  year      = {2015}
}

@inproceedings{TelangSY21,
  author    = {Pankaj R. Telang and
               Munindar P. Singh and
               Neil Yorke{-}Smith},
  title     = {Maintenance of Social Commitments in Multiagent Systems},
  booktitle = {Thirty-Fifth {AAAI} Conference on Artificial Intelligence, {AAAI}
               2021, Thirty-Third Conference on Innovative Applications of Artificial
               Intelligence, {IAAI} 2021, The Eleventh Symposium on Educational Advances
               in Artificial Intelligence, {EAAI} 2021, Virtual Event, February 2-9,
               2021},
  pages     = {11369--11377},
  publisher = {{AAAI} Press},
  year      = {2021}
}

@InProceedings{rao//:96a,
  author    = 	 {Anand S. Rao},
  title     = 	 {{AgentSpeak(L): BDI Agents Speak Out in a Logical Computable Language}},
  booktitle =    {Agents Breaking Away, 7th European Workshop on Modelling Autonomous Agents in a Multi-Agent World},
  pages     = 	 {42-55},
  year      = 	 {1996},
  editor    = 	 {Walter Van de Velde and John W. Perram},
  volume    = 	 {1038},
  series    = 	 {Lecture Notes in Computer Science},
  address   = 	 {Eindhoven, The Netherlands},
  month     = 	 {January},
  publisher =    {Springer}
}

@inproceedings{conf/ijcai/0007ALT20,
  author    = {Yuan Yao and
               Natasha Alechina and
               Brian Logan and
               John Thangarajah},
  editor    = {Christian Bessiere},
  title     = {Intention Progression under Uncertainty},
  booktitle = {Proceedings of the Twenty-Ninth International Joint Conference on
               Artificial Intelligence, {IJCAI} 2020},
  pages     = {10--16},
  publisher = {ijcai.org},
  year      = {2020},
  url       = {https://doi.org/10.24963/ijcai.2020/2},
  doi       = {10.24963/ijcai.2020/2}
}